@Manual{Parallax,
  title        = {{Parallax Standard Servo }},
  month        = {October},
  year         = {2011},
  number       = {#900-00005},
  note         = {Rev. 2.2},
  organization = {Parallax INC.},
  url          = {https://www.parallax.com/package/parallax-standard-servo-downloads/},
}